@article{cuong2020qualitative,
  title={Qualitative properties of the minimum sum-of-squares clustering problem},
  author={Cuong, Tran Hung and Yao, Jen-Chih and Yen, Nguyen Dong},
  journal={Optimization},
  volume={69},
  number={9},
  pages={2131--2154},
  year={2020},
  publisher={Taylor \& Francis}
}


@article{cuong2024local,
  title={Local solutions of the multi-source Weber problem},
  author={Cuong, Tran Hung and Wen, Ching-Feng and Yao, Jen-Chih and Yen, Nguyen Dong},
  journal={Optimization},
  pages={1--15},
  year={2024},
  publisher={Taylor \& Francis}
}

@article{cuong2023global,
  title={Global solutions of the multi-source weber problem},
  author={Cuong, Tran Hung and Wen, Ching-Feng and Yao, Jen-Chih and Yen, Nguyen Dong},
  journal={Journal of },
  year={2023},
  publisher={Yokohama Publishers}
}

@article{cooper1963location,
  title={Location-allocation problems},
  author={Cooper, Leon},
  journal={Operations research},
  volume={11},
  number={3},
  pages={331--343},
  year={1963},
  publisher={INFORMS}
}

@book{tuy1998convex,
  title={Convex analysis and global optimization},
  author={Tuy, Hoang and Hoang, Tuy and Hoang, Tuy and Math{\'e}maticien, Vi{\^e}t-nam and Hoang, Tuy and Mathematician, Vietnam},
  year={1998},
  publisher={Springer}
}

@article{thy2001clustering,
  title={Clustering via dc optimization},
  author={Thy, Hoang and Bagirov, AM and Rubinov, AM},
  journal={Advances in Convex Analysis and Global Optimization: Honoring the Memory of C. Caratheodory (1873--1950)},
  pages={221--234},
  year={2001},
  publisher={Springer}
}


@article{brimberg1999degeneracy,
  title={Degeneracy in the multi-source Weber problem.},
  author={Brimberg, Jack and Mladenovic, Nenad},
  journal={Mathematical Programming},
  volume={85},
  number={1},
  year={1999}
}

@article{nobakhtian2018algorithm,
  title={An algorithm for generalized constrained multi-source Weber problem with demand substations},
  author={Nobakhtian, S and Raeisi Dehkordi, A},
  journal={4OR},
  volume={16},
  pages={343--377},
  year={2018},
  publisher={Springer}
}

@article{raeisi2019optimal,
  title={The optimal solution set of the multi-source Weber problem},
  author={Raeisi Dehkordi, A},
  journal={Bulletin of the Iranian Mathematical Society},
  volume={45},
  pages={495--514},
  year={2019},
  publisher={Springer}
}

@article{sabach2018smoothing,
  title={A smoothing alternating minimization-based algorithm for clustering with sum-min of Euclidean norms},
  author={Sabach, SHOHAM and Teboulle, MARC and Voldman, SERGEY},
  journal={Pure Appl. Funct. Anal},
  volume={3},
  number={4},
  pages={653--679},
  year={2018}
}

@inproceedings{hiriart1985generalized,
  title={Generalized differentiability/duality and optimization for problems dealing with differences of convex functions},
  author={Hiriart-Urruty, J-B},
  booktitle={Convexity and Duality in Optimization: Proceedings of the Symposium on Convexity and Duality in Optimization Held at the University of Groningen, The Netherlands June 22, 1984},
  pages={37--70},
  year={1985},
  organization={Springer}
}